%% LaTeX2e file `localrefs.bib'
%% generated by the `filecontents' environment
%% from source `OneLogic' on 2021/10/13.
%%

@report{GaloisPeter,
 author = {Peter Smith},
 title = {The Galois Connection Between Syntax and Semantics},
 journal = {Technical Report},
 publisher = {University of Cambridge},
 year = {2010}
}
@InCollection{SEP21,
 author       = {Shapiro, Stewart and Kouri Kissel, Teresa},
 title        = {{Classical Logic}},
 booktitle    = {The {Stanford} Encyclopedia of Philosophy},
 editor       = {Edward N. Zalta},
 howpublished = {\url{https://plato.stanford.edu/archives/spr2021/entries/logic-classical/}},
 year         = {2021},
 edition      = {{S}pring 2021},
 publisher    = {Metaphysics Research Lab, Stanford University}
}

@article{SVic91,
 title = {Steven Vickers. Topology Via Logic. Cambridge Tracts in Theoretical Computer Science, No. 5. Cambridge University Press, Cambridge Etc. 1989, Xiii + 200 Pp},
 year = {1991},
 volume = {56},
 doi = {10.2307/2275086},
 pages = {1101--1102},
 journal = {Journal of Symbolic Logic},
 author = {P. T. Johnstone},
 number = {3}
}

@article{LMN13,
author = {Williamson, Timothy},
year = {2013},
month = {03},
pages = {},
title = {Logic, Metalogic and Neutrality},
volume = {79},
journal = {Erkenntnis},
doi = {10.1007/s10670-013-9474-z}
}

@book{BPT00,
  author    = {Anne Sjerp Troelstra and
               Helmut Schwichtenberg},
  title     = {Basic proof theory, Second Edition},
  series    = {Cambridge tracts in theoretical computer science},
  volume    = {43},
  publisher = {Cambridge University Press},
  year      = {2000},
  isbn      = {978-0-521-77911-1},
  timestamp = {Mon, 22 Jul 2019 16:40:55 +0200},
  biburl    = {https://dblp.org/rec/books/daglib/0001441.bib},
  bibsource = {dblp computer science bibliography, https://dblp.org}
}
@misc{GalLogic17,
      title={A Galois connection between classical and intuitionistic logics. I: Syntax},
      author={Sergey A. Melikhov},
      year={2017},
      eprint={1312.2575},
      archivePrefix={arXiv},
      primaryClass={math.LO}
}
@misc{topo19,
      title={A semantic hierarchy for intuitionistic logic},
      author={Guram Bezhanishvilia and Wesley H.Holliday},
      year={2019},
      series={Indagationes Mathematicae},
      volume  = {30/3},
      pages  = {403-469}
}

@misc{intuitSeman17,
      title={Mathematical semantics of intuitionistic logic},
      author={Sergey A. Melikhov},
      year={2017},
      eprint={1504.03380},
      archivePrefix={arXiv},
      primaryClass={math.LO}
}
@inproceedings{HFCA05,
author = {Chen, Yaohua and Yao, Yiyu},
year = {2005},
month = {09},
pages = {285- 292},
title = {Formal concept analysis based on hierarchical class analysis},
isbn = {0-7803-9136-5},
doi = {10.1109/COGINF.2005.1532643}
}
@article{ConstructClassical,
  author    = {Russell O'Connor},
  title     = {Classical mathematics for a constructive world},
  journal   = {Math. Struct. Comput. Sci.},
  volume    = {21},
  number    = {4},
  pages     = {861--882},
  year      = {2011},
  url       = {https://doi.org/10.1017/S0960129511000132},
  doi       = {10.1017/S0960129511000132},
  timestamp = {Wed, 01 Apr 2020 08:48:57 +0200},
  biburl    = {https://dblp.org/rec/journals/mscs/OConnor11.bib},
  bibsource = {dblp computer science bibliography, https://dblp.org}
}
